
@Inproceedings{mochol08matcher,
	author = {Malgorzata Mochol and Anja Jentzsch},
	title  ={Towards a Rule-Based Matcher Selection},
	booktitle = {Proceedings of the 16th international conference on Knowledge Engineering: Practice and Patterns},
	YEAR =        {2008},
  ADDRESS =     {Acitrezza, Italy}
}


@Book{euzenat07matcherbook,
 AUTHOR =       {Jerome Euzenat and Pavel Shvaiko},
 TITLE =        {Ontology Matching},
 PUBLISHER =    {Springer},
 YEAR =         {2007},
}


@Article{giunchiglia2008semanticmatching,
	author  = {Fausto Giunchiglia and Mikalai Yatskevich and Pavel Shvaiko},
	title   = {Semantic Matching: Algorithms and Implementation},
	year    = {2007},
	journal = {Journal on Data Semantics}
}
